<record><leader>00000cas a2200000 a 4500</leader><controlfield tag="001">13657735</controlfield><controlfield tag="008">860529d18411847iauwr ne      0    0eng c</controlfield><datafield ind1=" " ind2=" " tag="010"><subfield code="a">sn 86091481 </subfield></datafield><datafield ind1=" " ind2=" " tag="040"><subfield code="a">UNP</subfield><subfield code="b">eng</subfield><subfield code="c">UNP</subfield><subfield code="d">INP</subfield><subfield code="d">NPH</subfield><subfield code="d">CNK</subfield><subfield code="d">CVF</subfield><subfield code="d">OCLCQ</subfield><subfield code="d">OCLCF</subfield><subfield code="d">OCLCO</subfield></datafield><datafield ind1=" " ind2=" " tag="042"><subfield code="a">pcc</subfield></datafield><datafield ind1=" " ind2=" " tag="043"><subfield code="a">n-us-ia</subfield></datafield><datafield ind1="0" ind2="0" tag="245"><subfield code="a">Lee County Democrat.</subfield></datafield><datafield ind1=" " ind2=" " tag="260"><subfield code="a">Fort Madison, I.T. [Iowa Territory] :</subfield><subfield code="b">R. Wilson Albright and William E. Mason,</subfield><subfield code="c">1841-</subfield></datafield><datafield ind1=" " ind2=" " tag="300"><subfield code="a">v. ;</subfield><subfield code="c">54 cm.</subfield></datafield><datafield ind1=" " ind2=" " tag="310"><subfield code="a">Weekly</subfield></datafield><datafield ind1="0" ind2=" " tag="362"><subfield code="a">Vol. 1, no. 21 (Dec. 11, 1841)-</subfield></datafield><datafield ind1="1" ind2=" " tag="362"><subfield code="a">Ceased in 1847.</subfield></datafield><datafield ind1=" " ind2=" " tag="500"><subfield code="a">Publisher varies.</subfield></datafield><datafield ind1=" " ind2=" " tag="500"><subfield code="a">Published every Saturday.</subfield></datafield><datafield ind1=" " ind2=" " tag="515"><subfield code="a">Whole no. added with Vol. 2, no. 1 = whole no. 53 (July 23, 1842).</subfield></datafield><datafield ind1=" " ind2="0" tag="651"><subfield code="a">Fort Madison (Iowa)</subfield><subfield code="v">Newspapers.</subfield></datafield><datafield ind1=" " ind2="7" tag="655"><subfield code="a">Newspapers.</subfield><subfield code="2">fast</subfield><subfield code="0">(OCoLC)fst01423814</subfield></datafield><datafield ind1=" " ind2="7" tag="651"><subfield code="a">Iowa</subfield><subfield code="z">Fort Madison.</subfield><subfield code="2">fast</subfield><subfield code="0">(OCoLC)fst01218585</subfield></datafield><datafield ind1=" " ind2=" " tag="752"><subfield code="a">United States</subfield><subfield code="b">Iowa</subfield><subfield code="c">Lee</subfield><subfield code="d">Fort Madison.</subfield></datafield><datafield ind1="0" ind2="0" tag="780"><subfield code="t">Fort Madison courier</subfield><subfield code="w">(DLC)sn 86060230</subfield></datafield><datafield ind1="0" ind2="0" tag="785"><subfield code="t">Iowa statesman</subfield><subfield code="w">(DLC)sn 82014125</subfield><subfield code="w">(OCoLC)8779957</subfield></datafield></record>